
@misc{estudo_rr,
  title = {Como Planejar, Analisar e Interpretar os Resultados de um Estudo de Gage RR Expandido},
  month = {},
  year = {2020},
  howpublished = {\url{https://www.minitab.com/pt-br/Published-Articles/Como-Planejar,-Analisar-e-Interpretar-os-Resultados-de-um-Estudo-de-Gage-R-R-Expandido/},
  note = {Accessed: 2020-07-20}}
}

@misc{robotic_future,
  title = {Taking step into the robotic future},
  month = {},
  year = {2020},
  howpublished = {\url{https://www.miningmagazine.com/innovation/news/1387411/taking-step-into-the-robotic-future/},
  note = {Accessed: 2020-07-15}}
}

@misc{covid_autonomous,
  title = {Could covid19 spark an autonomous revolution in mining?},
  month = {},
  year = {2020},
  howpublished = {\url{https://www.mining-technology.com/features/could-covid-19-spark-an-autonomous-revolution-in-mining//},
  note = {Accessed: 2020-07-15}}
}

@misc{autonomy_deep,
  title = {Could 5G be the key to unlocking autonomy in deep mines?},
  month = {},
  year = {2018},
  howpublished = {\url{https://www.mining-technology.com/features/5g-key-unlocking-autonomy-deep-mines/},
  note = {Accessed: 2020-07-15}}
}

@misc{5g_mine,
  title = {5G tech makes mining safer, more efficient},
  month = {},
  year = {2020},
  howpublished = {\url{https://global.chinadaily.com.cn/a/202006/09/WS5edee5baa310834817251b0b.html/},
  note = {Accessed: 2020-07-15}}
}



@article{grehl2017research,
  title={Research perspective-mobile robots in underground mining},
  author={Grehl, Steve and Mischo, Helmut and Jung, Bernhard and others},
  journal={AusIMM Bulletin},
  number={Feb 2017},
  pages={44},
  year={2017},
  publisher={Australasian Institute of Mining and Metallurgy}
}

@misc{pioneering_mining,
  title = {Pioneering Automation and Robotics in Mining},
  month = {},
  year = {2020},
  howpublished = {\url{https://www.riotinto.com/about/innovation/automation/},
  note = {Accessed: 2020-07-15}}
}

@misc{vale_mina,
  title = {Vale terá primeira mina operando somente com caminhões autônomos no Brasil},
  month = {},
  year = {2018},
  howpublished = {\url{http://www.vale.com/brasil/PT/aboutvale/news/Paginas/vale-tera-a-primeira-mina-operando-somente-com-caminhoes-autonomos-no-brasil.aspx/},
  note = {Accessed: 2020-07-15}}
}


@article{cota2017robotica,
  title={Rob{\'o}tica na Minera{\c{c}}ao},
  author={Cota, Eduardo and Torre, Marcos Paulo and FERREIRA, J and Fid{\^e}ncio, Aline Xavier and Rodrigues, Guilherme Brito and Rocha, Filipe Augusto Santos and Azp{\'u}rua, H{\'e}ctor and Freitas, Gustavo Medeiros and Miola, Wilson},
  journal={Anais da ABM Week},
  year={2017}
}

@misc{underground_robots,
  title = {Underground Robots: How Robotics Is Changing the Mining Industry},
  month = {},
  year = {2019},
  howpublished = {\url{https://eos.org/features/underground-robots-how-robotics-is-changing-the-mining-industry/},
  note = {Accessed: 2020-07-15}}
}


@misc{accidents_mining,
  title = {Most Common Accidents Ocurring in the Mining Industry},
  month = {},
  year = {2019},
  howpublished = {\url{https://www.thebalancesmb.com/most-common-accidents-occurring-in-the-mining-industry-2367335},
  note = {Accessed: 2020-07-15}}
}
@misc{smart_mining,
  title = {Smart Mining},
  month = {},
  year = {2020},
  howpublished = {\url{https://www.riotinto.com/about/innovation/smart-mining/},
  note = {Accessed: 2020-07-15}}
}

@article{deliversrio,
  title={Rio Tinto Begins Work on First ‘Intelligent Mine’},
  year={2018},
  author={Delivers, NiWest PFS}
}

@article{wei2020pedestrian,
  title={Pedestrian detection in underground mines via parallel feature transfer network},
  author={Wei, Xing and Zhang, Haitao and Liu, Shaofan and Lu, Yang},
  journal={Pattern Recognition},
  volume={103},
  pages={107195},
  year={2020},
  publisher={Elsevier}
}

@article{morton2019level,
  title={Level 1 Automation Gains Ground},
  author={Morton, Jesse},
  journal={Engineering and Mining Journal},
  volume={220},
  number={3},
  pages={26--31},
  year={2019},
  publisher={Mining Media International}
}

@article{dong2020velocity,
  title={Velocity-free localization of autonomous driverless vehicles in underground intelligent mines},
  author={Dong, Longjun and Sun, Daoyuan and Han, Guangjie and Li, Xibing and Hu, Qingchun and Shu, Lei},
  journal={IEEE Transactions on Vehicular Technology},
  year={2020},
  publisher={IEEE}
}

@techreport{world2020transmission,
  title={Transmission of SARS-CoV-2: implications for infection prevention precautions: scientific brief, 09 July 2020},
  author={World Health Organization and others},
  year={2020},
  institution={World Health Organization}
}

@misc{correio_decreto,
  title = {Prorrogação de decretos que suspendem atividades em Salvador},
  month = {},
  year = {2020},
  howpublished = {\url{https://www.correio24horas.com.br/noticia/nid/acm-neto-prorroga-decretos-que-suspendem-atividades-em-salvador/},
  note = {Accessed: 2020-07-10}}
}

@article{abnt60529,
  title={60529},
  author={ABNT, NBRIEC},
  journal={Graus de prote{\c{c}}{\~a}o para inv{\'o}lucros de equipamentos el{\'e}tricos (c{\'o}digo IP)}
}
@article{saaty1990make,
  title={How to make a decision: the analytic hierarchy process},
  author={Saaty, Thomas L},
  journal={European journal of operational research},
  volume={48},
  number={1},
  pages={9--26},
  year={1990},
  publisher={North-Holland}
}
@inproceedings{goepel2013implementing,
  title={Implementing the analytic hierarchy process as a standard method for multi-criteria decision making in corporate enterprises--a new AHP excel template with multiple inputs},
  author={Goepel, Klaus D},
  booktitle={Proceedings of the international symposium on the analytic hierarchy process},
  volume={2013},
  pages={1--10},
  year={2013},
  organization={Creative Decisions Foundation Kuala Lumpur}
}
@book{siraj2011preference,
  title={Preference elicitation from pairwise comparisons in multi-criteria decision making},
  author={Siraj, Sajid},
  year={2011},
  publisher={The University of Manchester (United Kingdom)}
}
@misc{paho,
  title = {Folha informativa – COVID-19},
  month = {},
  year = {2020},
  howpublished = {\url{https://www.paho.org/bra/index.php?option=com_content&view=article&id=6101:covid19&Itemid=875/},
  note = {Accessed: 2020-07-03}}
}


@misc{sanarmed,
  title = {As Medidas Brasileiras contra o Coronavirus},
  month = {},
  year = {2020},
  howpublished = {\url{https://www.sanarmed.com/as-medidas-brasileiras-contra-o-coronavirus-colunistas/},
  note = {Accessed: 2020-07-03}}
}



@misc{desinf,
  title = {Desinfection Spraying Robot},
  month = {},
  year = {2019},
  howpublished = {\url{https://smprobotics.com/products_autonomous_ugv/disinfection-spraying-robot/},
  note = {Accessed: 2020-06-18}}
}

@misc{sseries_ugv,
  title = {S series UGV},
  month = {},
  year = {2019},
  howpublished = {\url{https://smprobotics.com/products_autonomous_ugv/},
  note = {Accessed: 2020-06-18}}
}

@inproceedings{cui2019real,
  title={Real-Time Stereo Vision Implementation on Nvidia Jetson TX2},
  author={Cui, Han and Dahnoun, Naim},
  booktitle={2019 8th Mediterranean Conference on Embedded Computing (MECO)},
  pages={1--5},
  year={2019},
  organization={IEEE}
}

@misc{robotnik,
  title = {Robotnik},
  month = {},
  year = {2020},
  howpublished = {\url{https://robotnik.eu/products/mobile-robots/summit-xl-en/},
  note = {Accessed: 2020-06-18}}
}

@misc{robots,
  title = {Robots-Summit-XL},
  month = {},
  year = {2020},
  howpublished = {\url{https://robots.ros.org/summit-xl/},
  note = {Accessed: 2020-06-18}}
}

@misc{scout2-manual,
  title={SCOUT 2.0 User Manual},
  author={AgileX},
  year={2020},
  howpublished = {\url{https://www.generationrobots.com/media/agilex/SCOUT2.0_UserManual_v2.0_EN.pdf}},
  note = {Accessed: 2020-06-18}
}

@misc{scout2,
  title={SCOUT 2.0},
  author={AgileX},
  year={2020},
  howpublished = {\url{https://www.generationrobots.com/media/agilex/AgileX_SCOUT_2.0\%20Introduction.pdf}},
  note = {Accessed: 2020-06-18}
}

@misc{AWD,
  title = {AWD},
  month = {},
  year = {2020},
  howpublished = {\url{https://www.systemes-d.be/manuels/Manuel535-awd.pdf}},
  note = {Accessed: 2020-06-18}
}

@misc{Husky,
  title = {Husky},
  month = {},
  year = {2020},
  howpublished = {\url{https://clearpathrobotics.com/husky-unmanned-ground-vehicle-robot/}},
  note = {Accessed: 2020-06-18}
}

@article{naranjo2018automation,
  title={Automation kit for dual-mode military unmanned ground vehicle for surveillance missions},
  author={Naranjo, Jose E and Jimenez, Felipe and Anguita, Manuel and Rivera, Jose Luis},
  journal={IEEE Intelligent Transportation Systems Magazine},
  year={2018},
  publisher={IEEE}
}

@article{pierzchala2018mapping,
  title={Mapping forests using an unmanned ground vehicle with 3D LiDAR and graph-SLAM},
  author={Pierzcha{\l}a, Marek and Gigu{\`e}re, Philippe and Astrup, Rasmus},
  journal={Computers and Electronics in Agriculture},
  volume={145},
  pages={217--225},
  year={2018},
  publisher={Elsevier}
}

@inproceedings{wang2018autonomous,
  title={Autonomous Robot Navigation with Rich Information Mapping in Nuclear Storage Environments},
  author={Wang, Maozhen and Long, Xianchao and Chang, Peng and Padlr, Ta{\c{s}}kln},
  booktitle={2018 IEEE International Symposium on Safety, Security, and Rescue Robotics (SSRR)},
  pages={1--6},
  year={2018},
  organization={IEEE}
}

@article{tiotsop2020integer,
  title={An integer linear programming model for efficient scheduling of UGV tasks in precision agriculture under human supervision},
  author={Tiotsop, Lohic Fotio and Servetti, Antonio and Masala, Enrico},
  journal={Computers \& Operations Research},
  volume={114},
  pages={104826},
  year={2020},
  publisher={Elsevier}
}

@article{quaglia2020design,
  title={Design of a UGV Powered by Solar Energy for Precision Agriculture},
  author={Quaglia, Giuseppe and Visconte, Carmen and Scimmi, Leonardo Sabatino and Melchiorre, Matteo and Cavallone, Paride and Pastorelli, Stefano},
  journal={Robotics},
  volume={9},
  number={1},
  pages={13},
  year={2020},
  publisher={Multidisciplinary Digital Publishing Institute}
}
@misc{qfd,
  title={QFD: o que é e como utilizar essa ferramenta?},
  author={Virgilio Marques dos Santos},
  year={2017},
  howpublished = {\url{https://www.fm2s.com.br/qfd/}},
  note={Acessed: 2020-06-30}
}














@misc{pybullet,
  title = {PyBullet Home Page},
  month = {03},
  year = {2019},
  howpublished = {\url{https://pybullet.org/wordpress/}},
  note = {Accessed: 2019-03-12}
}
@article{sivvcev2018underwater,
  title={Underwater manipulators: A review},
  author={Siv{\v{c}}ev, Satja and Coleman, Joseph and Omerdi{\`c}c, Edin and Dooly, Gerard and Toal, Daniel},
  journal={Ocean Engineering},
  volume={163},
  pages={431--450},
  year={2018},
  publisher={Elsevier}
}
@article{capocci2017inspection,
  title={Inspection-class remotely operated vehicles—A review},
  author={Capocci, Romano and Dooly, Gerard and Omerdic, Edin and Coleman, Joseph and Newe, Thomas and Toal, Daniel},
  journal={Journal of Marine Science and Engineering},
  volume={5},
  number={1},
  pages={13},
  year={2017},
  publisher={Multidisciplinary Digital Publishing Institute}
}
@book{choi2004pid,
  title={PID trajectory tracking control for mechanical systems},
  author={Choi, Youngjin and Chung, Wan Kyun},
  volume={298},
  year={2004},
  publisher={Springer Science \& Business Media}
}
@inproceedings{chang2004distance,
  title={Distance measurement technology development at remotely teleoperated robotic manipulator system for underwater constructions},
  author={Chang, Chung Cheng and Chang, Chia Yuan and Cheng, Yu Ting},
  booktitle={Proceedings of the 2004 international symposium on underwater technology (IEEE Cat. No. 04EX869)},
  pages={333--338},
  year={2004},
  organization={IEEE}
}
@book{davey1999non,
  title={Non-Destructive Examination of Underwater Welded Structures},
  author={Davey, Victor S and Forli, O and Raine, GA and Whillock, R},
  volume={1372},
  year={1999},
  publisher={Woodhead Publishing}
}
@book{christ2013rov,
  title={The ROV manual: a user guide for remotely operated vehicles},
  author={Christ, Robert D and Wernli Sr, Robert L},
  year={2013},
  publisher={Butterworth-Heinemann}
}
@article{jones2009using,
  title={Using existing industrial remotely operated vehicles for deep-sea science},
  author={Jones, Daniel OB},
  journal={Zoologica Scripta},
  volume={38},
  pages={41--47},
  year={2009},
  publisher={Wiley Online Library}
}
@article{noe2006surface,
  title={Surface Samples in Belgica Mound Province Hovland Mound Province, West Rockall Bank and Northern Porcupine Bank. In: Ratmeyer, V., Hebbeln, D. \& Shipboard Party: Report and Preliminary Results of RV Meteor Cruise M61/3},
  author={No{\'e}, Sibylle and Beck, T and Foubert, A and Grehan, A},
  year={2006},
  publisher={Universit{\"a}t Bremen}
}
@article{ribas2011girona,
  title={Girona 500 auv: From survey to intervention},
  author={Ribas, David and Palomeras, Narcis and Ridao, Pere and Carreras, Marc and Mallios, Angelos},
  journal={IEEE/ASME Transactions on mechatronics},
  volume={17},
  number={1},
  pages={46--53},
  year={2011},
  publisher={IEEE}
}
@inproceedings{wang2008novel,
  title={A novel hybrid control method for the underwater manipulator},
  author={Wang, Liquan and Wang, Caidong and Wang, Wenming and Wang, Chengjun},
  booktitle={2008 International Workshop on Education Technology and Training \& 2008 International Workshop on Geoscience and Remote Sensing},
  volume={1},
  pages={790--794},
  year={2008},
  organization={IEEE}
}
@article{suboh2009modeling,
  title={Modeling and control of 2-DOF underwater planar manipulator},
  author={Suboh, Surina Mat and Rahman, Irfan Abd and Arshad, Mohd Rizal and Mahyuddin, Muhammad Nasiruddin},
  year={2009},
  publisher={CSIR}
}
@article{golea2002fuzzy,
  title={Fuzzy model reference adaptive control},
  author={Golea, Noureddine and Golea, Amar and Benmahammed, Khier},
  journal={IEEE Transactions on Fuzzy Systems},
  volume={10},
  number={4},
  pages={436--444},
  year={2002},
  publisher={IEEE}
}
@inproceedings{pandian2010neuro,
  title={A neuro-fuzzy controller for underwater robot manipulators},
  author={Pandian, Shunmugham R and Sakagami, Norimitsu},
  booktitle={2010 11th International Conference on Control Automation Robotics \& Vision},
  pages={2135--2140},
  year={2010},
  organization={IEEE}
}
@book{denket2006frontiers,
  title={Frontiers in Robotics Research},
  author={Denket, Max A},
  year={2006},
  publisher={Nova Publishers}
}
@inproceedings{yao2009development,
  title={Development of a 7-function hydraulic underwater manipulator system},
  author={Yao, Jianjun and Wang, Liquan and Jia, Peng and Wang, Zhuo},
  booktitle={2009 International Conference on Mechatronics and Automation},
  pages={1202--1206},
  year={2009},
  organization={IEEE}
}
@inproceedings{zhang20147000m,
  title={7000M pressure experiment of a deep-sea hydraulic manipulator system},
  author={Zhang, Qifeng and Chen, Jun and Huo, Liangqing and Kong, Fandong and Du, Linsen and Cui, Shengguo and Zhao, Yang and Tang, Yuangui},
  booktitle={2014 Oceans-St. John's},
  pages={1--5},
  year={2014},
  organization={IEEE}
}
@inproceedings{zuyao2011design,
  title={Design and analysis of a three-DOF underwater manipulator},
  author={Zuyao, Yu and Jie, Lei and Weijia, Li and Zhongxiang, Xiang and Jinbo, Wu},
  booktitle={Proceedings of 2011 International Conference on Fluid Power and Mechatronics},
  pages={237--241},
  year={2011},
  organization={IEEE}
}
@article{ribas2015auv,
  title={I-AUV mechatronics integration for the TRIDENT FP7 project},
  author={Ribas, David and Ridao, Pere and Turetta, Alessio and Melchiorri, Claudio and Palli, Gianluca and Fern{\'a}ndez, Jos{\'e} Javier and Sanz, Pedro Jos{\'e}},
  journal={IEEE/ASME Transactions on Mechatronics},
  volume={20},
  number={5},
  pages={2583--2592},
  year={2015},
  publisher={IEEE}
}
@article{fernandez2013grasping,
  title={Grasping for the seabed: Developing a new underwater robot arm for shallow-water intervention},
  author={Fern{\'a}ndez, Jos{\'e} Javier and Prats, Mario and Sanz, Pedro J and Garc{\'\i}a, Juan Carlos and Marin, Raul and Robinson, Mike and Ribas, David and Ridao, Pere},
  journal={IEEE Robotics \& Automation Magazine},
  volume={20},
  number={4},
  pages={121--130},
  year={2013},
  publisher={IEEE}
}
@inproceedings{ishimi1991manipulation,
  title={Manipulation system for subsea operation},
  author={Ishimi, K and Ohtsuki, Y and Manabe, T and Nakashima, K},
  booktitle={Fifth International Conference on Advanced Robotics' Robots in Unstructured Environments},
  pages={1348--1353},
  year={1991},
  organization={IEEE}
}
@inproceedings{bowen2008nereus,
  title={The Nereus hybrid underwater robotic vehicle for global ocean science operations to 11,000 m depth},
  author={Bowen, Andrew D and Yoerger, Dana R and Taylor, Chris and McCabe, Robert and Howland, Jonathan and Gomez-Ibanez, Daniel and Kinsey, James C and Heintz, Matthew and McDonald, Glenn and Peters, Donald B and others},
  booktitle={OCEANS 2008},
  pages={1--10},
  year={2008},
  organization={IEEE}
}
@article{cao2011accurate,
  title={Accurate numerical methods for computing 2d and 3d robot workspace},
  author={Cao, Yi and Lu, Ke and Li, Xiujuan and Zang, Yi},
  journal={International Journal of Advanced Robotic Systems},
  volume={8},
  number={6},
  pages={76},
  year={2011},
  publisher={SAGE Publications Sage UK: London, England}
}
@article{iso2010petroleum,
  title={Petroleum and natural gas industries—Design and operation of subsea production systems},
  author={ISO 13628},
  year={2010}
}
@article{spong2005robot,
  title={Robot Modeling and Control, Jon Wiley \& Sons},
  author={Spong, Mark W and Hutchinson, Seth and Vidyasagar, M},
  journal={Inc., ISBN-100-471-649},
  year={2005}
}
@book{siciliano2010robotics,
  title={Robotics: modelling, planning and control},
  author={Siciliano, Bruno and Sciavicco, Lorenzo and Villani, Luigi and Oriolo, Giuseppe},
  year={2010},
  publisher={Springer Science \& Business Media}
}
@article{marani2009underwater,
  title={Underwater autonomous manipulation for intervention missions AUVs},
  author={Marani, Giacomo and Choi, Song K and Yuh, Junku},
  journal={Ocean Engineering},
  volume={36},
  number={1},
  pages={15--23},
  year={2009},
  publisher={Elsevier}
}
@inproceedings{greig1994arm,
  title={The ARM (automated remote manipulation) project},
  author={Greig, AR and Broome, DR},
  booktitle={IEE Colloquium on Next Steps for Industrial Robotics},
  pages={5--1},
  year={1994},
  organization={IET}
}
@misc{corke2011robotics,
  title={Robotics, Vision and Control, volume 73 of Springer Tracts in Advanced Robotics},
  author={Corke, Peter},
  year={2011},
  publisher={Springer Berlin; Heidelberg}
}
@book{p2014vehicle,
  title={Vehicle-Manipulator Systems Modeling for Simulation, Analysis, and Control},
  author={Pål Johan From and Gravdahl, Jan Tommy and Pettersen, Kristin Ytterstad},
  year={2014},
  publisher={Springer London}
}
@incollection{antonelli2014unrob,
  author={Antonelli, Gianluca},
  booktitle={Underwater Robots},
  year={2014},
  publisher={Springer International Publishing Switzerland}
}
%-------------------------------------------%
%%%% --- lista dos artigos relevante ---%%%%%
%-------------------------------------------%
@inproceedings{guangyi2018research,
  title={Research on underwater safety inspection and operational robot motion control},
  author={Guangyi, Zhang and Qingjun, Zeng and Zhiyu, Zhu and Xiaoqiang, Dai and Chunlei, Zhu},
  booktitle={2018 33rd Youth Academic Annual Conference of Chinese Association of Automation (YAC)},
  pages={322--327},
  year={2018},
  organization={IEEE}
}
@article{bruno2018augmented,
  title={Augmented reality visualization of scene depth for aiding ROV pilots in underwater manipulation},
  author={Bruno, Fabio and Lagudi, Antonio and Barbieri, Loris and Rizzo, Domenico and Muzzupappa, Maurizio and De Napoli, Luigi},
  journal={Ocean Engineering},
  volume={168},
  pages={140--154},
  year={2018},
  publisher={Elsevier}
}
@inproceedings{leborne2018dynamic,
  title={Dynamic Modeling and Identification of an Heterogeneously Actuated Underwater Manipulator Arm},
  author={Leborne, Fran{\c{c}}ois and Creuze, Vincent and Chemori, Ahmed and Brignone, Lorenzo},
  booktitle={2018 IEEE International Conference on Robotics and Automation (ICRA)},
  pages={1--9},
  year={2018},
  organization={IEEE}
}
@article{barbieri2018design,
  title={Design, prototyping and testing of a modular small-sized underwater robotic arm controlled through a Master-Slave approach},
  author={Barbieri, Loris and Bruno, Fabio and Gallo, Alessandro and Muzzupappa, Maurizio and Russo, Maria Laura},
  journal={Ocean Engineering},
  volume={158},
  pages={253--262},
  year={2018},
  publisher={Elsevier}
}
@article{kurumaya2018modular,
  title={A modular soft robotic wrist for underwater manipulation},
  author={Kurumaya, Shunichi and Phillips, Brennan T and Becker, Kaitlyn P and Rosen, Michelle H and Gruber, David F and Galloway, Kevin C and Suzumori, Koichi and Wood, Robert J},
  journal={Soft robotics},
  volume={5},
  number={4},
  pages={399--409},
  year={2018},
  publisher={Mary Ann Liebert, Inc. 140 Huguenot Street, 3rd Floor New Rochelle, NY 10801 USA}
}
@article{sivvcev2018fully,
  title={Fully automatic visual servoing control for work-class marine intervention ROVs},
  author={Siv{\v{c}}ev, Satja and Rossi, Matija and Coleman, Joseph and Dooly, Gerard and Omerdi{\'c}, Edin and Toal, Daniel},
  journal={Control Engineering Practice},
  volume={74},
  pages={153--167},
  year={2018},
  publisher={Elsevier}
}
@article{sivvcev2018collision,
  title={Collision detection for underwater ROV manipulator systems},
  author={Siv{\v{c}}ev, Satja and Rossi, Matija and Coleman, Joseph and Omerdi{\'c}, Edin and Dooly, Gerard and Toal, Daniel},
  journal={Sensors},
  volume={18},
  number={4},
  pages={1117},
  year={2018},
  publisher={Multidisciplinary Digital Publishing Institute}
}
@inproceedings{rizzo2017kinematic,
  title={Kinematic performances evaluation of a hydraulic underwater manipulator},
  author={Rizzo, Domenico and Bruno, Fabio and Barbieri, Loris and Muzzupappa, Maurizio},
  booktitle={OCEANS 2017-Aberdeen},
  pages={1--6},
  year={2017},
  organization={IEEE}
}
@article{kazakidi2017impact,
  title={Impact of arm morphology on the hydrodynamic behavior of a two-arm robotic marine vehicle},
  author={Kazakidi, Asimina and Tsakiris, Dimitris P and Ekaterinaris, John A},
  journal={IFAC-PapersOnLine},
  volume={50},
  number={1},
  pages={2304--2309},
  year={2017},
  publisher={Elsevier}
}
@inproceedings{mardiyanto2017development,
  title={Development of hand gesture recognition sensor based on accelerometer and gyroscope for controlling arm of underwater remotely operated robot},
  author={Mardiyanto, Ronny and Utomo, Mochamad Fajar Rinaldi and Purwanto, Djoko and Suryoatmojo, Heri},
  booktitle={2017 International Seminar on Intelligent Technology and Its Applications (ISITIA)},
  pages={329--333},
  year={2017},
  organization={IEEE}
}
@inproceedings{qiao2016robust,
  title={Robust adaptive PID control for positioning of remotely operated vehicle working in close proximity of an underwater structure},
  author={Qiao, Lei and Zhang, Lixing and Zhang, Weidong},
  booktitle={2016 35th Chinese Control Conference (CCC)},
  pages={5780--5785},
  year={2016},
  organization={IEEE}
}
@article{zhang2016development,
  title={Development of a virtual platform for telepresence control of an underwater manipulator mounted on a submersible vehicle},
  author={Zhang, Jin and Li, Wei and Yu, Jiancheng and Zhang, Qifeng and Cui, Shengguo and Li, Yan and Li, Shuo and Chen, Genshe},
  journal={IEEE Transactions on Industrial Electronics},
  volume={64},
  number={2},
  pages={1716--1727},
  year={2016},
  publisher={IEEE}
}
@inproceedings{sverdrup2016underwater,
  title={The underwater swimming manipulator-a bio-inspired AUV},
  author={Sverdrup-Thygeson, J{\o}rgen and Kelasidi, Eleni and Pettersen, Kristin Ytterstad and Gravdahl, Jan Tommy},
  booktitle={2016 IEEE/OES Autonomous Underwater Vehicles (AUV)},
  pages={387--395},
  year={2016},
  organization={IEEE}
}
@inproceedings{kim2016convolutional,
  title={Convolutional neural network-based real-time ROV detection using forward-looking sonar image},
  author={Kim, Juhwan and Yu, Son-Cheol},
  booktitle={2016 IEEE/OES Autonomous Underwater Vehicles (AUV)},
  pages={396--400},
  year={2016},
  organization={IEEE}
}
@article{palomeras2016auv,
  title={I-AUV docking and panel intervention at sea},
  author={Palomeras, Narc{\'\i}s and Pe{\~n}alver, Antonio and Massot-Campos, Miquel and Negre, Pep and Fern{\'a}ndez, Jos{\'e} and Ridao, Pere and Sanz, Pedro and Oliver-Codina, Gabriel},
  journal={Sensors},
  volume={16},
  number={10},
  pages={1673},
  year={2016},
  publisher={Multidisciplinary Digital Publishing Institute}
}
@inproceedings{zereik20153d,
  title={3D-belief space planning for underwater mobile grasping},
  author={Zereik, E and Gagliardi, F and Bibuli, M and Bruzzone, G and Caccia, M and Bonsignorio, F},
  booktitle={OCEANS 2015-Genova},
  pages={1--6},
  year={2015},
  organization={IEEE}
}
@article{ridao2014intervention,
  title={Intervention AUVs: the next challenge},
  author={Ridao, Pere and Carreras, Marc and Ribas, David and Sanz, Pedro J and Oliver, Gabriel},
  journal={IFAC Proceedings Volumes},
  volume={47},
  number={3},
  pages={12146--12159},
  year={2014},
  publisher={Elsevier}
}
@article{stanway2015rotation,
  title={Rotation identification in geometric algebra: Theory and application to the navigation of underwater robots in the field},
  author={Stanway, M Jordan and Kinsey, James C},
  journal={Journal of Field Robotics},
  volume={32},
  number={5},
  pages={632--654},
  year={2015},
  publisher={Wiley Online Library}
}
@inproceedings{palomeras2014auv,
  title={I-AUV docking and intervention in a subsea panel},
  author={Palomeras, Narc{\'\i}s and Penalver, Antonio and Massot-Campos, Miquel and Vallicrosa, Guillem and Negre, Pep Llu{\'\i}s and Fern{\'a}ndez, J Javier and Ridao, Pere and Sanz, Pedro J and Oliver-Codina, Gabriel and Palomer, Albert},
  booktitle={2014 IEEE/RSJ International Conference on Intelligent Robots and Systems},
  pages={2279--2285},
  year={2014},
  organization={IEEE}
}
%........>>>>>>>>>>>>.........
@inproceedings{poretti2013design,
  title={Design of modular camera tool for mini underwater ROVs},
  author={Poretti, Michael and Benson, Bridget and Rauch, Chris},
  booktitle={2013 OCEANS-San Diego},
  pages={1--4},
  year={2013},
  organization={IEEE}
}
@inproceedings{liu2012design,
  title={Design of a gateway for remotely underwater vehicles},
  author={Liu, Wei Dong and Li, Xiang Yu and Gao, Li'e},
  booktitle={Applied Mechanics and Materials},
  volume={209},
  pages={2138--2141},
  year={2012},
  organization={Trans Tech Publ}
}
@incollection{bonsignorio2012stochastic,
  title={Stochastic Controllers for Robust Underwater Mobile Manipulation},
  author={BONSIGNORIO, FABIO},
  booktitle={Field Robotics},
  pages={873--880},
  year={2012},
  publisher={World Scientific}
}
@inproceedings{de2009new,
  title={A new approach for a reconfigurable autonomous underwater vehicle for intervention},
  author={De Novi, G and Melchiorri, Claudio and Garc{\'\i}a, JC and Sanz, PJ and Ridao, Pere and Oliver, Gabriel},
  booktitle={2009 3rd Annual IEEE Systems Conference},
  pages={23--26},
  year={2009},
  organization={IEEE}
}
@article{zoppi2007armilleye,
  title={ArmillEye: flexible platform for underwater stereo vision},
  author={Zoppi, Matteo and Molfino, Rezia},
  journal={Journal of Mechanical Design},
  volume={129},
  number={8},
  pages={808--815},
  year={2007},
  publisher={American Society of Mechanical Engineers}
}
@article{hoang2007adaptive,
  title={Adaptive PD-controller for positioning of a remotely operated vehicle close to an underwater structure: Theory and experiments},
  author={Hoang, Nguyen Quang and Kreuzer, Edwin},
  journal={Control Engineering Practice},
  volume={15},
  number={4},
  pages={411--419},
  year={2007},
  publisher={Elsevier}
}
@article{hosseini2006composite,
  title={A composite rigid body algorithm for modeling and simulation of an underwater vehicle equipped with manipulator arms},
  author={Hosseini, Mohammad Khalaj and Omidi, Omid and Meghdari, Ali and Vossoughi, Gholamreza},
  journal={Journal of Offshore Mechanics and Arctic Engineering},
  volume={128},
  number={2},
  pages={119--132},
  year={2006},
  publisher={American Society of Mechanical Engineers}
}
@inproceedings{lee2007navigation,
  title={Navigation and Control System of a Deep-sea Unmanned Underwater Vehicle'HEMIRE'},
  author={Lee, Pan-Mook and Jun, Bong-Huan and Li, Ji-Hong and Choi, Hyun Taek and Kim, Kihun and Kim, Sea-Moon and Lee, Chong-Moo and Han, Sang-Chul and Gu, Beob-Mo and Lee, Sang-Ryul and others},
  booktitle={OCEANS 2006-Asia Pacific},
  pages={1--8},
  year={2007},
  organization={IEEE}
}
@inproceedings{jun2004manipulability,
  title={Manipulability analysis of underwater robotic arms on ROV and application to task-oriented joint configuration},
  author={Jun, Bong-Huan and Lee, Pan-Mook and Lee, Jihong},
  booktitle={Oceans' 04 MTS/IEEE Techno-Ocean'04 (IEEE Cat. No. 04CH37600)},
  volume={3},
  pages={1548--1553},
  year={2004},
  organization={IEEE}
}
@article{antonelli2000fuzzy,
  title={A fuzzy approach to redundancy resolution for underwater vehicle-manipulator systems},
  author={Antonelli, Gianluca and Chiaverini, Stefano},
  journal={IFAC Proceedings Volumes},
  volume={33},
  number={21},
  pages={209--214},
  year={2000},
  publisher={Elsevier}
}
@article{marchand2002controlling,
  title={Controlling an uninstrumented manipulator by visual servoing},
  author={Marchand, Eric and Chaumette, Fran{\c{c}}ois and Spindler, Fabien and Perrier, Michel},
  journal={The International Journal of Robotics Research},
  volume={21},
  number={7},
  pages={635--647},
  year={2002},
  publisher={SAGE Publications Sage UK: London, England}
}
@article{carignan2001control,
  title={Control architecture and operator interface for a free-flying robotic vehicle},
  author={Carignan, Craig R and Lane, J Corde and Akin, David L},
  journal={IEEE Transactions on Systems, Man, and Cybernetics, Part C (Applications and Reviews)},
  volume={31},
  number={3},
  pages={327--336},
  year={2001},
  publisher={IEEE}
}
@inproceedings{marchand2001controlling,
  title={Controlling an uninstrumented ROV manipulator by visual servoing},
  author={Marchand, Eric and Chaumette, Fran{\c{c}}ois and Spindler, Fabien and Perrier, Michel},
  booktitle={MTS/IEEE Oceans 2001. An Ocean Odyssey. Conference Proceedings (IEEE Cat. No. 01CH37295)},
  volume={2},
  pages={1047--1053},
  year={2001},
  organization={IEEE}
}
@inproceedings{marchand2001controllingx,
  title={Controlling the manipulator of an underwater ROV using a coarse calibrated pan/tilt camera},
  author={Marchand, Eric and Chaumette, Fran{\c{c}}ois and Spindler, Fabien and Perrier, Michel and Toulon, Ifremer},
  booktitle={Proceedings 2001 ICRA. IEEE International Conference on Robotics and Automation (Cat. No. 01CH37164)},
  volume={3},
  pages={2773--2778},
  year={2001},
  organization={IEEE}
}
@article{heney2000features,
  title={FEATURES-Forestry equipment strikes fear into trees-Forestry applications-Both in the field and in processing plants--Require fluid power's brute force and exact positioning.},
  author={Heney, PJ},
  journal={Hydraulics and Pneumatics-Cleveland},
  volume={53},
  number={11},
  pages={31--34},
  year={2000},
  publisher={[Cleveland: Industrial Pub. Corp., 1960-}
}
@article{simon1998control,
  title={Control laws, tasks and procedures with ORCCAD: Application to the control of an underwater arm},
  author={Simon, Daniel and Kapellos, Konstantinos and Espiau, Bernard},
  journal={International journal of systems science},
  volume={29},
  number={10},
  pages={1081--1098},
  year={1998},
  publisher={Taylor \& Francis}
}
@inproceedings{lapierre1998hybrid,
  title={Hybrid position/force control of a ROV with a manipulator},
  author={Lapierre, Lionel and Fraisse, Philippe and M'Sirdi, Nacer K},
  booktitle={IEEE Oceanic Engineering Society. OCEANS'98. Conference Proceedings (Cat. No. 98CH36259)},
  volume={2},
  pages={931--935},
  year={1998},
  organization={IEEE}
}
@inproceedings{schebor1995virtual,
  title={Virtual environment for undersea telepresence},
  author={Schebor, Frederick S},
  booktitle={Telemanipulator and Telepresence Technologies II},
  volume={2590},
  pages={23--33},
  year={1995},
  organization={International Society for Optics and Photonics}
}
@inproceedings{broome1995subsea,
  title={Subsea weld inspection using an advanced robotic manipulator},
  author={Broome, David and Larkum, Trevor and Hall, M},
  booktitle={'Challenges of Our Changing Global Environment'. Conference Proceedings. OCEANS'95 MTS/IEEE},
  volume={2},
  pages={1216--1224},
  year={1995},
  organization={IEEE}
}
@inproceedings{mclain1995experiments,
  title={Experiments in the coordination of underwater manipulator and vehicle control},
  author={McLain, Timothy W and Rock, Stephen M and Lee, Michael J},
  booktitle={'Challenges of Our Changing Global Environment'. Conference Proceedings. OCEANS'95 MTS/IEEE},
  volume={2},
  pages={1208--1215},
  year={1995},
  organization={IEEE}
}
@article{boyle1995concept,
  title={Concept evaluation trials of teleoperation system for control of an underwater robotic arm by graphical simulation techniques},
  author={Boyle, BG and McMaster, RS and Nixon, JH},
  journal={Transactions of the Institute of Measurement and Control},
  volume={17},
  number={5},
  pages={242--250},
  year={1995},
  publisher={Sage Publications Sage CA: Thousand Oaks, CA}
}
@inproceedings{larkum1994advanced,
  title={Advanced controller for an underwater manipulator},
  author={Larkum, Trevor and Broome, D},
  booktitle={IEEE International Conference on Control Applications, Glasgow, United Kingdom},
  pages={1081--1086},
  year={1994}
}
@inproceedings{lane1991planning,
  title={Planning and control for co-ordination of underwater manipulators},
  author={Lane, DM and Dunnigan, MW and Knightbridge, PJ and Quinn, AW},
  booktitle={International Conference on Control 1991. Control'91},
  pages={493--498},
  year={1991},
  organization={IET}
}

%
%%%%%%%%%%%%%%% MANISUB %%%%%%%%%%%%%%%%%%%%%%%%
%
@inproceedings{castorena2016autocalibration,
  title={Autocalibration of LIDAR and optical cameras via edge alignment},
  author={Castorena, Juan and Kamilov, Ulugbek S and Boufounos, Petros T},
  booktitle={Acoustics, Speech and Signal Processing (ICASSP), 2016 IEEE International Conference on},
  pages={2862--2866},
  year={2016},
  organization={IEEE}
}


@article{park2014calibration,
  title={Calibration between color camera and 3D LIDAR instruments with a polygonal planar board},
  author={Park, Yoonsu and Yun, Seokmin and Won, Chee Sun and Cho, Kyungeun and Um, Kyhyun and Sim, Sungdae},
  journal={Sensors},
  volume={14},
  number={3},
  pages={5333--5353},
  year={2014},
  publisher={Multidisciplinary Digital Publishing Institute}
}


@misc{dissecting_camera_matrix,
  title = {Dissecting the Camera Matrix, Part 3: The Intrinsic Matrix},
  howpublished = {\url{http://ksimek.github.io/2013/08/13/intrinsic/}},
  note = {Accessed: 2018-02-15},
  year=2018,
}

@misc{distance_transform_opencv,
  title = {Image Segmentation with Distance Transform and Watershed Algorithm},
  howpublished = {\url{https://docs.opencv.org/3.3.0/d2/dbd/tutorial_distance_transform.html}},
  note = {Accessed: 2018-02-15},
  year=2018
}

@misc{canny_opencv,
  title = {Canny Edge Detection},
  howpublished = {\url{https://docs.opencv.org/3.3.1/da/d22/tutorial_py_canny.html}},
  note = {Accessed: 2018-02-15},
  year=2018,
}
%-----------------basler
@article{agostini2007,
  title={Desenvolvimento de Arquiteturas de Alto Desempenho Dedicadas {\`a} Compress{\~a}o de V{\'\i}deo Segundo o Padr{\~a}o H. 264/AVC},
  author={Agostini, Luciano Volcan},
  year={2007}
}

@online{Basler,
  author = {Portal Basler},
  title = {pylon Camera Software Suite},
  year = 2016,
  url = {https://www.baslerweb.com/en/products/software/},
  urldate = {2016-02-15}
}

@book{statisticBook,
  title={Estat{\'\i}stica aplicada},
  author={Downing, Douglas and Clark, Jeffrey and de Farias, Alfredo Alves},
  year={1999},
  publisher={Saraiva}
}

@article{statisticBook2,
  title={Estat{\'\i}stica aplicada},
  author={Falco, Javert Guimar{\~a}es},
  year={2016}
}
%------------------------------
@article{goertz1954mechanical,
  title={Mechanical master-slave manipulator},
  author={Goertz, Raymond C},
  journal={Nucleonics (US) Ceased publication},
  volume={12},
  year={1954},
  publisher={Argonne National Lab., Lemont, Ill.}
}

@book{Siciliano2016Springer,
 author = {Siciliano, Bruno and Khatib, Oussama},
 title = {Springer Handbook of Robotics},
 year = {2016},
 isbn = {3319325507, 9783319325507},
 edition = {2nd},
 publisher = {Springer Publishing Company, Incorporated},
} 

@article{lichiardopol2007survey,
  title={A survey on teleoperation},
  author={Lichiardopol, S},
  journal={Technische Universitat Eindhoven, DCT report},
  year={2007}
}

@article{steuer1992defining,
  title={Defining virtual reality: Dimensions determining telepresence},
  author={Steuer, Jonathan},
  journal={Journal of communication},
  volume={42},
  number={4},
  pages={73--93},
  year={1992},
  publisher={Wiley Online Library}
}

@inproceedings{varkonyi2014survey,
  title={Survey on the control of time delay teleoperation systems},
  author={Varkonyi, Terez A and Rudas, Imre J and Pausits, Peter and Haidegger, Tamas},
  booktitle={Intelligent Engineering Systems (INES), 2014 18th International Conference on},
  pages={89--94},
  year={2014},
  organization={IEEE}
}

@article{teng2010customization,
  title={Customization, immersion satisfaction, and online gamer loyalty},
  author={Teng, Ching-I},
  journal={Computers in Human Behavior},
  volume={26},
  number={6},
  pages={1547--1554},
  year={2010},
  publisher={Elsevier}
}
@article{stanney1998aftereffects,
  title={Aftereffects and sense of presence in virtual environments: Formulation of a research and development agenda},
  author={Stanney, Kay and Salvendy, Gavriel},
  journal={International Journal of Human-Computer Interaction},
  volume={10},
  number={2},
  pages={135--187},
  year={1998},
  publisher={Taylor \& Francis}
}

@techreport{witmer1994measuring,
  title={Measuring immersion in virtual environments},
  author={Witmer, Bob G and Singer, Michael J},
  year={1994},
  institution={Tech. Rep. 1014, US Army Research Institute for the Behavioral and Social Sciences}
}
@article{riley2004situation,
  title={Situation awareness and attention allocation measures for quantifying telepresence experiences in teleoperation},
  author={Riley, Jennifer M and Kaber, David B and Draper, John V},
  journal={Human Factors and Ergonomics in Manufacturing \& Service Industries},
  volume={14},
  number={1},
  pages={51--67},
  year={2004},
  publisher={Wiley Online Library}
}

@article{lombard2000concept,
  title={The concept of presence: Explication statement},
  author={Lombard, Matthew},
  journal={Available from International Society for Presence Research Web site: http://www. temple. edu/ispr/index. htm},
  year={2000}
}
@inproceedings{biocca2001networked,
  title={The networked minds measure of social presence: Pilot test of the factor structure and concurrent validity},
  author={Biocca, Frank and Harms, Chad and Gregg, Jenn},
  booktitle={4th annual international workshop on presence, Philadelphia, PA},
  pages={1--9},
  year={2001}
}
@article{lessiter2001cross,
  title={A cross-media presence questionnaire: The ITC-Sense of Presence Inventory},
  author={Lessiter, Jane and Freeman, Jonathan and Keogh, Edmund and Davidoff, Jules},
  journal={Presence: Teleoperators and virtual environments},
  volume={10},
  number={3},
  pages={282--297},
  year={2001},
  publisher={MIT Press}
}
@inproceedings{lombard2004literature,
  title={A literature-based presence measurement instrument the temple presence inventory (tpi)(beta)},
  author={Lombard, M and Ditton, T},
  booktitle={The seventh international workshop on presence (PRESENCE2004)},
  year={2004}
}
@article{kendon1990spatial,
  title={Spatial Organization in Social Encounters: the F-formation System. A. Kendon, Ed},
  author={Kendon, Adam},
  journal={Conducting interaction: Patterns of behavior in focused encounters},
  pages={209--237},
  year={1990}
}
@inproceedings{marshall2011using,
  title={Using F-formations to analyse spatial patterns of interaction in physical environments},
  author={Marshall, Paul and Rogers, Yvonne and Pantidi, Nadia},
  booktitle={Proceedings of the ACM 2011 conference on Computer supported cooperative work},
  pages={445--454},
  year={2011},
  organization={ACM}
}
@article{kristoffersson2013towards,
  title={Towards measuring quality of interaction in mobile robotic telepresence using sociometric badges},
  author={Kristoffersson, Annica and Coradeschi, Silvia and Eklundh, Kerstin Severinson and Loutfi, Amy},
  journal={Paladyn, Journal of Behavioral Robotics},
  volume={4},
  number={1},
  pages={34--48},
  year={2013}
}
@inproceedings{lombard2009measuring,
  title={Measuring presence: the temple presence inventory},
  author={Lombard, Matthew and Ditton, Theresa B and Weinstein, Lisa},
  booktitle={Proceedings of the 12th Annual International Workshop on Presence},
  pages={1--15},
  year={2009}
}
@article{kendon1990spatial,
  title={Spatial Organization in Social Encounters: the F-formation System. A. Kendon, Ed},
  author={Kendon, Adam},
  journal={Conducting interaction: Patterns of behavior in focused encounters},
  pages={209--237},
  year={1990}
}
@inproceedings{marshall2011using,
  title={Using F-formations to analyse spatial patterns of interaction in physical environments},
  author={Marshall, Paul and Rogers, Yvonne and Pantidi, Nadia},
  booktitle={Proceedings of the ACM 2011 conference on Computer supported cooperative work},
  pages={445--454},
  year={2011},
  organization={ACM}
}
@article{kristoffersson2013towards,
  title={Towards measuring quality of interaction in mobile robotic telepresence using sociometric badges},
  author={Kristoffersson, Annica and Coradeschi, Silvia and Eklundh, Kerstin Severinson and Loutfi, Amy},
  journal={Paladyn, Journal of Behavioral Robotics},
  volume={4},
  number={1},
  pages={34--48},
  year={2013}
}
@article{sheridan1992musings,
  title={Musings on telepresence and virtual presence},
  author={Sheridan, Thomas B},
  journal={Presence: Teleoperators \& Virtual Environments},
  volume={1},
  number={1},
  pages={120--126},
  year={1992},
  publisher={MIT Press}
}

@article{sheridan1989telerobotics,
  title={Telerobotics},
  author={Sheridan, Thomas B},
  journal={Automatica},
  volume={25},
  number={4},
  pages={487--507},
  year={1989},
  publisher={Elsevier}
}

@article{sheridan1993space,
  title={Space teleoperation through time delay: Review and prognosis},
  author={Sheridan, Thomas B},
  journal={IEEE Transactions on robotics and Automation},
  volume={9},
  number={5},
  pages={592--606},
  year={1993},
  publisher={IEEE}
}

@article{slater1997framework,
  title={A framework for immersive virtual environments (FIVE): Speculations on the role of presence in virtual environments},
  author={Slater, Mel and Wilbur, Sylvia},
  journal={Presence: Teleoperators and virtual environments},
  volume={6},
  number={6},
  pages={603--616},
  year={1997},
  publisher={MIT Press}
}
@article{barfield1993sense,
  title={The sense of presence within virtual environments: A conceptual framework},
  author={Barfield, Woodrow and Weghorst, Suzanne},
  journal={Advances in Human Factors Ergonomics},
  volume={19},
  pages={699--699},
  year={1993}
}
@inproceedings{prothero1995towards,
  title={Towards a robust, quantitative measure for presence},
  author={Prothero, Jerrold D and Parker, Donald E and Furness, T and Wells, M},
  booktitle={Proceedings of the conference on Experimental Analysis and Measurement of Situation Awareness},
  pages={359--366},
  year={1995}
}
@article{draper1998telepresence,
  title={Telepresence},
  author={Draper, John V and Kaber, David B and Usher, John M},
  journal={Human factors},
  volume={40},
  number={3},
  pages={354--375},
  year={1998},
  publisher={SAGE Publications Sage CA: Los Angeles, CA}
}
@article{nichols2000measurement,
  title={Measurement of presence and its consequences in virtual environments},
  author={Nichols, Sarah and Haldane, Clovissa and Wilson, John R},
  journal={International Journal of Human-Computer Studies},
  volume={52},
  number={3},
  pages={471--491},
  year={2000},
  publisher={Elsevier}
}

@article{Park2006,
  doi = {10.1177/0278364906065385},
  url = {https://doi.org/10.1177/0278364906065385},
  year  = {2006},
  month = {may},
  publisher = {{SAGE} Publications},
  volume = {25},
  number = {5-6},
  pages = {575--591},
  author = {Jaeheung Park and Oussama Khatib},
  title = {A Haptic Teleoperation Approach Based on Contact Force Control},
  journal = {The International Journal of Robotics Research}
}

@article{Owada2017,
author = {Owada, Sho and Tsumaki, Yuichi},
isbn = {9781509067596},
keywords = {Humanoid robot,Index Terms—Teleoperation,RHI,Telexistance},
pages = {1602--1607},
title = {{Direction Consistent Approach for Telepresence System with Miniature Humanoid Robot}},
year = {2017}
}

@book{dragan2012formalizing,
  title={Formalizing assistive teleoperation},
  author={Dragan, Anca D and Srinivasa, Siddhartha S},
  year={2012},
  publisher={MIT Press, July}
}
@inproceedings{steinfeld2006common,
  title={Common metrics for human-robot interaction},
  author={Steinfeld, Aaron and Fong, Terrence and Kaber, David and Lewis, Michael and Scholtz, Jean and Schultz, Alan and Goodrich, Michael},
  booktitle={Proceedings of the 1st ACM SIGCHI/SIGART conference on Human-robot interaction},
  pages={33--40},
  year={2006},
  organization={ACM}
}
@inproceedings{ralston1998numbat,
  title={The Numbat: A remotely controlled mine emergency response vehicle},
  author={Ralston, Jonathon C and Hainsworth, David W},
  booktitle={Field and Service Robotics},
  pages={53--59},
  year={1998},
  organization={Springer}
}
@inproceedings{you2012assisted,
  title={Assisted teleoperation strategies for aggressively controlling a robot arm with 2d input},
  author={You, Erkang and Hauser, Kris},
  booktitle={Robotics: science and systems},
  volume={7},
  pages={354},
  year={2012}
}

@article{Gaemperle2015,
author = {Gaemperle, Luis and Seyid, Kerem and Popovic, Vladan and Leblebici, Yusuf},
doi = {10.1109/ISM.2014.62},
isbn = {9781479943111},
journal = {Proceedings - 2014 IEEE International Symposium on Multimedia, ISM 2014},
keywords = {Head-Mounted Display,Omnidirectional Video,Real-Time,Streaming,Telepresence},
pages = {175--178},
title = {{An immersive telepresence system using a real-time omnidirectional camera and a virtual reality head-mounted display}},
year = {2015}
}
@inproceedings{park1995augmented,
  title={Augmented reality for mining teleoperation},
  author={Park, Andrew J and Kazman, Rick N},
  booktitle={Telemanipulator and Telepresence Technologies},
  volume={2351},
  pages={119--130},
  year={1995},
  organization={International Society for Optics and Photonics}
}
@article{ralston2001recent,
  title={Recent advances in remote coal mining machine sensing, guidance, and teleoperation},
  author={Ralston, Jonathon C and Hainsworth, David W and Reid, David C and Anderson, DL and McPhee, Ronald J},
  journal={Robotica},
  volume={19},
  number={5},
  pages={513--526},
  year={2001},
  publisher={Cambridge University Press}
}
@inproceedings{reid2010real,
  title={Real-world automation: New capabilities for underground longwall mining},
  author={Reid, Peter B and Dunn, Mark T and Reid, David C and Ralston, Jonathon C},
  booktitle={Proc. Australasian Conf. Robotics and Automation 2010},
  year={2010}
}
@inproceedings{kwitowski1989computer,
  title={Computer-based, teleoperation of a new highwall mining system},
  author={Kwitowski, August J and Lewis, William H and Mayercheck, William D},
  booktitle={Robotics and Automation, 1989. Proceedings., 1989 IEEE International Conference on},
  pages={1478--1483},
  year={1989},
  organization={IEEE}
}
@article{kim2012autonomy,
  title={How autonomy impacts performance and satisfaction: Results from a study with spinal cord injured subjects using an assistive robot},
  author={Kim, Dae-Jin and Hazlett-Knudsen, Rebekah and Culver-Godfrey, Heather and Rucks, Greta and Cunningham, Tara and Portee, David and Bricout, John and Wang, Zhao and Behal, Aman},
  journal={IEEE Transactions on Systems, Man, and Cybernetics-Part A: Systems and Humans},
  volume={42},
  number={1},
  pages={2--14},
  year={2012},
  publisher={IEEE}
}

@inproceedings{baier2000benefits,
  title={Benefits of combined active stereo vision and haptic telepresence},
  author={Baier, Hubert and Buss, Martin and Freyberger, Franz and Schmidt, G{\"u}nther},
  booktitle={Intelligent Robots and Systems, 2000.(IROS 2000). Proceedings. 2000 IEEE/RSJ International Conference on},
  volume={1},
  pages={702--707},
  year={2000},
  organization={IEEE}
}

@article{mcintire2014stereoscopic,
  title={Stereoscopic 3D displays and human performance: A comprehensive review},
  author={McIntire, John P and Havig, Paul R and Geiselman, Eric E},
  journal={Displays},
  volume={35},
  number={1},
  pages={18--26},
  year={2014},
  publisher={Elsevier}
}

@article{johan2010evaluation,
  title={An Evaluation of Local Autonomy Applied to Teleoperated Vehicles in Underground Mines},
  author={Johan Larsson, Mathias Broxvall and Alessandro Saffiotti},
  journal={IEEE International Conference on Robotics and Automation},
  pages={1745--1752},
  year={2010},
  publisher={IEEE}
}

@article{kennedy1993simulator,
  title={Simulator sickness questionnaire: An enhanced method for quantifying simulator sickness},
  author={Kennedy, Robert S and Lane, Norman E and Berbaum, Kevin S and Lilienthal, Michael G},
  journal={The international journal of aviation psychology},
  volume={3},
  number={3},
  pages={203--220},
  year={1993},
  publisher={Taylor \& Francis}
}

@article{lambooij2009visual,
  title={Visual discomfort and visual fatigue of stereoscopic displays: A review},
  author={Lambooij, Marc and Fortuin, Marten and Heynderickx, Ingrid and IJsselsteijn, Wijnand},
  journal={Journal of Imaging Science and Technology},
  volume={53},
  number={3},
  pages={30201--1},
  year={2009},
  publisher={Society for Imaging Science and Technology}
}

@inproceedings{hayward1996performance,
  title={Performance measures for haptic interfaces},
  author={Hayward, Vincent and Astley, Oliver R},
  booktitle={ROBOTICS RESEARCH-INTERNATIONAL SYMPOSIUM-},
  volume={7},
  pages={195--206},
  year={1996},
  organization={MIT PRESS}
}

@inproceedings{Miller,
  doi = {10.1109/ichr.2004.1442670},
  url = {https://doi.org/10.1109/ichr.2004.1442670},
  publisher = {{IEEE}},
  author = {N. Miller and O.C. Jenkins and M. Kallmann and M.J. Mataric},
  title = {Motion capture from inertial sensing for untethered humanoid teleoperation},
  booktitle = {4th {IEEE}/{RAS} International Conference on Humanoid Robots,  2004.}
}

@article{kobayashi2016human,
  title={Human motion caption with vision and inertial sensors for hand/arm robot teleoperation},
  author={Kobayashi, Futoshi and Kitabayashi, Keiichi and Shimizu, Kai and Nakamoto, Hiroyuki and Kojima, Fumio},
  journal={International Journal of Applied Electromagnetics and Mechanics},
  volume={52},
  number={3-4},
  pages={1629--1636},
  year={2016},
  publisher={IOS Press}
}

@article{dejing2016local,
  doi = {10.1109/ICSensT.2016.7796325},
  title={Local Implicit Surface Based Virtual Fixtures in Point Cloud Virtual Environment for Teleoperation},
  author={Dejing Ni, A.Y.C. Nee, S.K. Ong, Aiguo Song},
  journal={Tenth International Conference on Sensing Technology},
  pages={1--6},
  year={2016},
  publisher={IEEE}
}

@article{moeslund2006survey,
  title={A survey of advances in vision-based human motion capture and analysis},
  author={Moeslund, Thomas B and Hilton, Adrian and Kr{\"u}ger, Volker},
  journal={Computer vision and image understanding},
  volume={104},
  number={2},
  pages={90--126},
  year={2006},
  publisher={Elsevier}
}

@article{muller2007documentation,
  title={Documentation mocap database hdm05},
  author={M{\"u}ller, Meinard and R{\"o}der, Tido and Clausen, Michael and Eberhardt, Bernhard and Kr{\"u}ger, Bj{\"o}rn and Weber, Andreas},
  year={2007},
  publisher={Citeseer}
}

@inproceedings{stanton2012teleoperation,
  title={Teleoperation of a humanoid robot using full-body motion capture, example movements, and machine learning},
  author={Stanton, Christopher and Bogdanovych, Anton and Ratanasena, Edward},
  booktitle={Proc. Australasian Conference on Robotics and Automation},
  year={2012}
}


@techreport{begault2000sound,
  title={3-D Sound for Virtual Reality and Multimedia},
  author={Begault, Durand R and Trejo, Leonard J},
  year={2000},
  organization={NASA Ames Research Center, Moffett Field, CA United States },
}

@article{moeslund2001survey,
  title={A survey of computer vision-based human motion capture},
  author={Moeslund, Thomas B and Granum, Erik},
  journal={Computer vision and image understanding},
  volume={81},
  number={3},
  pages={231--268},
  year={2001},
  publisher={Elsevier}
}

@article{Sian2005switching,
  title={A switching command-based whole-body operation method for humanoid robots},
  author={Ee Sian Neo, K. Yokoi, S. Kajita, F. Kanehiro and K. Tanie},
  journal={IEEE/ASME Transactions on Mechatronics},
  volume={10},
  pages={546--559},
  year={2005},
  publisher={IEEE Journals \& Magazines}
}
@book{earnshaw2014virtual,
  title={Virtual reality systems},
  author={Earnshaw, Rae A},
  year={2014},
  publisher={Academic press}
}

@inproceedings{kirner2007realidade,
  title={Realidade virtual e aumentada: conceitos, projeto e aplica{\c{c}}{\~o}es},
  author={Kirner, Claudio and Siscoutto, Robson},
  booktitle={Livro do IX Symposium on Virtual and Augmented Reality, Petr{\'o}polis (RJ), Porto Alegre: SBC},
  year={2007}
}
@article{zhang2017head,
  title={Head-mounted display-based intuitive virtual reality training system for the mining industry},
  author={Zhang, Hui},
  journal={International Journal of Mining Science and Technology},
  year={2017},
  publisher={Elsevier}
}

@article{azuma1997survey,
  title={A survey of augmented reality},
  author={Azuma, Ronald T},
  journal={Presence: Teleoperators and virtual environments},
  volume={6},
  number={4},
  pages={355--385},
  year={1997},
  publisher={MIT Press}
}

@article{azuma2001recent,
  title={Recent advances in augmented reality},
  author={Azuma, Ronald and Baillot, Yohan and Behringer, Reinhold and Feiner, Steven and Julier, Simon and MacIntyre, Blair},
  journal={IEEE computer graphics and applications},
  volume={21},
  number={6},
  pages={34--47},
  year={2001},
  publisher={IEEE}
}

@article{yew2017immersive,
  title={Immersive Augmented Reality Environment for the Teleoperation of Maintenance Robots},
  author={Yew, AWW and Ong, SK and Nee, AYC},
  journal={Procedia CIRP},
  volume={61},
  pages={305--310},
  year={2017},
  publisher={Elsevier}
}

@article{chintamani2010improved,
  title={Improved telemanipulator navigation during display-control misalignments using augmented reality cues},
  author={Chintamani, Keshav and Cao, Alex and Ellis, R Darin and Pandya, Abhilash K},
  journal={IEEE Transactions on Systems, Man, and Cybernetics-Part A: Systems and Humans},
  volume={40},
  number={1},
  pages={29--39},
  year={2010},
  publisher={IEEE}
}

@article{xin20113d,
  title={3D augmented reality teleoperated robot system based on dual vision},
  author={Xin, Gao and Huan, Hu and Jia, Qing-Xuan and Sun, Han-Xu and Song, Jing-Zhou},
  journal={The Journal of China Universities of Posts and Telecommunications},
  volume={18},
  number={1},
  pages={105--112},
  year={2011},
  publisher={Elsevier}
}

@article{sanchez1999virtual,
  title={Virtual environment interaction through 3D audio by blind children},
  author={S{\'a}nchez, Jaime and Lumbreras, Mauricio},
  journal={CyberPsychology \& Behavior},
  volume={2},
  number={2},
  pages={101--111},
  year={1999}
}

@book{dixit1994investment,
  title={Investment under uncertainty},
  author={Dixit, Avinash K and Dixit, Robert K and Pindyck, Robert S},
  year={1994},
  publisher={Princeton university press}
}

@article{kaiser2019role,
  title={The role of factor and activity-based models in offshore operating cost estimation},
  author={Kaiser, Mark J},
  journal={Journal of Petroleum Science and Engineering},
  volume={174},
  pages={1062--1092},
  year={2019},
  publisher={Elsevier}
}

@phdthesis{meirelles2004teoria,
  title={A teoria de op{\c{c}}{\~o}es reais como instrumento de avalia{\c{c}}{\~a}o de projetos de investimento},
  author={Meirelles, Jorge Lu{\'\i}s Faria},
  year={2004},
  school={Universidade de S{\~a}o Paulo}
}

@book{mun2002real,
  title={Real options analysis: Tools and techniques for valuing strategic investments and decisions},
  author={Mun, Johnathan},
  volume={137},
  year={2002},
  publisher={John Wiley \& Sons}
}

@article{possas2002concorrencia,
  title={Concorr{\^e}ncia schumpeteriana},
  author={Possas, Mario L},
  journal={Economia industrial: Fundamentos te{\'o}ricos e pr{\'a}tica no Brasil. Rio de Janeiro, Brazil: Campus},
  year={2002}
}

@article{schjolberg2015towards,
  title={Towards autonomy in ROV operations},
  author={Schj{\o}lberg, Ingrid and Utne, Ingrid Bouwer},
  journal={IFAC-PapersOnLine},
  volume={48},
  number={2},
  pages={183--188},
  year={2015},
  publisher={Elsevier}
}

